<?xml version="1.0" encoding="UTF-8" ?>
<marc:collection xmlns:marc="http://www.loc.gov/MARC21/slim" 
xmlns:xsi="http://www.w3.org/2001/XMLSchema-instance" 
xsi:schemaLocation="http://www.loc.gov/MARC21/slim 
http://www.loc.gov/standards/marcxml/schema/MARC21slim.xsd">
  <marc:record>
    <marc:leader>00000nam a2200421 c 4500</marc:leader>
    <marc:controlfield tag="007">cr |||||||||||</marc:controlfield>
    <marc:controlfield tag="007">tu</marc:controlfield>
    <marc:controlfield tag="008">      |2018    au       m    ||| |     u</marc:controlfield>
    <marc:datafield tag="040" ind1=" " ind2=" ">
      <marc:subfield code="a">UBG</marc:subfield>
      <marc:subfield code="b">ger</marc:subfield>
      <marc:subfield code="c">VL-WG-UBG</marc:subfield>
      <marc:subfield code="e">rda</marc:subfield>
    </marc:datafield>
    <marc:datafield tag="044" ind1=" " ind2=" ">
      <marc:subfield code="c">XA-AT</marc:subfield>
    </marc:datafield>
    <marc:datafield tag="100" ind1="1" ind2=" ">
      <marc:subfield code="a">Wagner, Maximilian</marc:subfield>
      <marc:subfield code="4">aut</marc:subfield>
    </marc:datafield>
    <marc:datafield tag="245" ind1="0" ind2="0">
      <marc:subfield code="a">New insights into the phylogeography and evolutionary history of two Mediterranean clingfish genera (Teleostei, Gobiesocidae)</marc:subfield>
    </marc:datafield>
    <marc:datafield tag="246" ind1="3" ind2="3">
      <marc:subfield code="a">New insights into the phylogeography and evolutionary history of two Mediterranean clingfish genera (Teleostei, Gobiesocidae)</marc:subfield>
    </marc:datafield>
    <marc:datafield tag="264" ind1=" " ind2="1">
      <marc:subfield code="a">Graz</marc:subfield>
      <marc:subfield code="c">2018</marc:subfield>
    </marc:datafield>
    <marc:datafield tag="336" ind1=" " ind2=" ">
      <marc:subfield code="b">txt</marc:subfield>
    </marc:datafield>
    <marc:datafield tag="337" ind1=" " ind2=" ">
      <marc:subfield code="b">n</marc:subfield>
    </marc:datafield>
    <marc:datafield tag="338" ind1=" " ind2=" ">
      <marc:subfield code="b">nc</marc:subfield>
    </marc:datafield>
    <marc:datafield tag="500" ind1=" " ind2=" ">
      <marc:subfield code="a">Arbeit an der Bibliothek noch nicht eingelangt - Daten nicht geprüft</marc:subfield>
    </marc:datafield>
    <marc:datafield tag="500" ind1=" " ind2=" ">
      <marc:subfield code="a">Abweichender Titel laut Übersetzung des Verfassers/der Verfasserin</marc:subfield>
    </marc:datafield>
    <marc:datafield tag="502" ind1=" " ind2=" ">
      <marc:subfield code="b">Masterarbeit</marc:subfield>
      <marc:subfield code="c">Karl-Franzens-Universität Graz</marc:subfield>
      <marc:subfield code="d">2018</marc:subfield>
    </marc:datafield>
    <marc:datafield tag="520" ind1=" " ind2=" ">
        <marc:subfield code="a">ger: Die beiden Schildfischgattungen Gouania und Lepadogaster (Teleostei, Gobiesocidae) sind typische Bewohner von Kies- und Geröllstränden entlang der gesamten Mittelmeerküste. Trotz hoher Individuendichten im Lebensraum ist unser Wissen über diese Fischarten dennoch stark begrenzt. Das Ziel dieser Arbeit ist es Wissenslücken, welche vor allem die Diversität und Evolution dieser Gattungen im Mittelmeer betreffen, zu füllen. Der erste Teil der Arbeit beschäftigt sich mit der monotypischen Gattung Gouania und der dazugehörigen endemischen Art Gouania willdenowi (Risso 1810). Aufgrund ihrer versteckten Lebensweise, im Zwischenraum von Kiesstränden, bekam sie nur wenig Aufmerksamkeit in wissenschaftlichen Studien und zählt damit sicher zu den am wenigsten erforschten Schildfischen überhaupt.  Durch die Kombination aus molekularen, geometrisch morphometrischen Methoden, sowie durch MicroCT Aufnahmen gelang es bemerkenswerte Einblicke in die Diversität und Evolution dieser Art zu bekommen. Die Ergebnisse deuten auf eine bislang unbekannte Radiation im Pleistozän hin, aus der sich mehrere hoch divergente Arten entwickelten. Des Weiteren, ergaben morphologische Untersuchungen das Vorhandensein von zwei konvergent entstandenen Ökomorphen in der Adria und im östlichen Mittelmeerbecken. Ein Grund für den reduzierten Genfluss in den verschiedenen Becken könnte die kurze pelagische Larvendauer und die limitierte aktive Ausbreitungsfähigkeit adulter Tiere sein. Der zweite Teil der Arbeit beschäftigt sich mit der Gattung Lepadogaster, genauer gesagt mit den Schwesterarten L. lepadogaster und L. purpurea. Im Zuge meiner Sammelaktivitäten konnte die Verbreitung von L. purpurea mit Hilfe von molekularen und morphologischen Daten signifikant erweitert werden. Basierend auf diesen bereits publizierten Daten (Wagner et al. 2017) gebe ich in dieser Arbeit vorläufige phylogeographische Einblicke in diese beiden Schwesterntaxa und zeige, dass sich diese stark voneinander unterscheiden.</marc:subfield>
    </marc:datafield>
    <marc:datafield tag="520" ind1=" " ind2=" ">
      <marc:subfield code="a">eng: Throughout the Mediterranean Sea, the clingfish genera Lepadogaster and Gouania (Teleostei, Gobiesocidae) are found in the interstitial of pebble and boulder beaches. Even though these fishes can reach fairly high abundances, the overall knowledge about the two genera is still very poor. Hence, this thesis should provide novel insights into diversity, evolution and distribution of these two clingfish taxa. The first part of this work addresses phylogenetic and biogeographic implications in the clingfish species Gouania willdenowi (Risso 1810), the sole representative of the monotypic genus Gouania. Endemic to the Mediterranean Sea hardly anything is known about its biology, behaviour, phylogeny or taxonomy of this species. DNA-barcoding, multi-locus species tree analysis, as well as geometric morphometrics and MicroCT imaging across a pan-Mediterranean sample, revealed unexpected results regarding evolutionary history and species diversity in this genus. Molecular data suggests that the genus underwent a thus far unrecognized Pleistocene radiation into several fairly divergent species. Moreover, whereas little diversity is seen in the western basin, convergently evolved syntopic species pairs are found throughout the eastern basin and the Adriatic Sea. Apparently, the extremely low active dispersal ability of adults implies that larval drift strongly constrains gene flow among species in different Mediterranean basins. The second part of the thesis reports on a significant extension of the distribution range of the species Lepadogaster purpurea. A combined approach of molecular and classical morphometrics on newly collected material from the eastern Mediterranean basin showed that the geographic distribution of this fish has been underestimated in the literature. Based on already published results (Wagner et al. 2017), preliminary insights into phylogeographical structure of L. lepadogaster and L. purpurea indicate marked differences between these two species.</marc:subfield>
    </marc:datafield>
    <marc:datafield tag="655" ind1=" " ind2="7">
      <marc:subfield code="a">Hochschulschrift</marc:subfield>
      <marc:subfield code="0">(DE-588)4113937-9</marc:subfield>
      <marc:subfield code="2">gnd-content</marc:subfield>
    </marc:datafield>
    <marc:datafield tag="751" ind1=" " ind2=" ">
      <marc:subfield code="a">Graz</marc:subfield>
      <marc:subfield code="0">(DE-588)4021912-4</marc:subfield>
      <marc:subfield code="4">uvp</marc:subfield>
      <marc:subfield code="2">gnd</marc:subfield>
    </marc:datafield>
    <marc:datafield tag="856" ind1="4" ind2=" ">
      <marc:subfield code="u">https://it013179.pers.ad.uni-graz.at:7090/Nawi/514e6ecd94ea72f3640649e5e8129ede.pdf</marc:subfield>
      <marc:subfield code="x">UBG</marc:subfield>
      <marc:subfield code="3">Volltext</marc:subfield>
    </marc:datafield>
    <marc:datafield tag="970" ind1="2" ind2=" ">
      <marc:subfield code="d">HS-MASTER</marc:subfield>
    </marc:datafield>
    <marc:datafield tag="971" ind1="1" ind2=" ">
      <marc:subfield code="a">Koblmüller, Stephan</marc:subfield>
    </marc:datafield>
    <marc:datafield tag="971" ind1="3" ind2=" ">
      <marc:subfield code="a">2018-02</marc:subfield>
    </marc:datafield>
    <marc:datafield tag="971" ind1="5" ind2=" ">
      <marc:subfield code="a">Universität Graz</marc:subfield>
      <marc:subfield code="b">Naturwissenschaftliche Fakultät</marc:subfield>
      <marc:subfield code="c">Institut für Zoologie</marc:subfield>
      <marc:subfield code="0">vls-obvugr-196515</marc:subfield>
    </marc:datafield>
    <marc:datafield tag="974" ind1="0" ind2="s">
      <marc:subfield code="F">030</marc:subfield>
      <marc:subfield code="A">a|1urr|||||17</marc:subfield>
    </marc:datafield>
    <marc:datafield tag="974" ind1="0" ind2="s">
      <marc:subfield code="F">050</marc:subfield>
      <marc:subfield code="A">a|a|||||g|||||</marc:subfield>
    </marc:datafield>
    <marc:datafield tag="974" ind1="0" ind2="s">
      <marc:subfield code="F">051</marc:subfield>
      <marc:subfield code="A">mu||||||</marc:subfield>
    </marc:datafield>
  </marc:record>
</marc:collection>
